This file was created with JabRef 1.7.1.
Encoding: ANSI_X3.4-1968

@ARTICLE{hoek01,
  author = {van der Hoek, Wiebe},
  title = {Logical Foundations of Agent-Based Computing},
  journal = {ACAI},
  year = {2001},
  pages = {50-73},
  owner = {rfk},
}

@BOOK{fagin95,
  title = {Reasoning about Knowledge},
  publisher = {The MIT Press},
  year = {1995},
  author = {Ronald Fagin and Joseph Y. Halpern and Yoram Moses and Moshe Y. Vardi},
  address = {Cambridge, Massachesetts},
  abstract = {A good introduction to the
	 theory of epistemic logic, modelled using modal logic and Kripke
	 structures. Introduces ideas such as Common and Distributed knowledge.},
  owner = {rfk},
}

